[gd_scene load_steps=10 format=2]

[ext_resource path="res://Scripts/Choque.gd" type="Script" id=1]
[ext_resource path="res://Assets/caminhonete_heroi/choque/1.png" type="Texture" id=2]
[ext_resource path="res://Assets/caminhonete_heroi/choque/2.png" type="Texture" id=3]
[ext_resource path="res://Assets/caminhonete_heroi/choque/3.png" type="Texture" id=4]
[ext_resource path="res://Assets/caminhonete_heroi/choque/4.png" type="Texture" id=5]
[ext_resource path="res://Assets/caminhonete_heroi/choque/5.png" type="Texture" id=6]
[ext_resource path="res://Assets/caminhonete_heroi/choque/6.png" type="Texture" id=7]

[sub_resource type="SpriteFrames" id=1]
animations = [ {
"frames": [ ExtResource( 2 ), ExtResource( 3 ), ExtResource( 4 ), ExtResource( 5 ), ExtResource( 6 ), ExtResource( 7 ) ],
"loop": true,
"name": "default",
"speed": 7.0
} ]

[sub_resource type="RectangleShape2D" id=2]
extents = Vector2( 87.4831, 194.431 )

[node name="Choque" type="Node2D"]
scale = Vector2( 0.6, 0.6 )

[node name="Choque" type="Area2D" parent="."]
collision_layer = 0
collision_mask = 0
script = ExtResource( 1 )

[node name="AnimatedSprite" type="AnimatedSprite" parent="Choque"]
frames = SubResource( 1 )
frame = 3
playing = true

[node name="CollisionShape2D" type="CollisionShape2D" parent="Choque"]
visible = false
position = Vector2( -7.01752, 2.77305 )
shape = SubResource( 2 )

[node name="Timer" type="Timer" parent="."]
wait_time = 15.0
[connection signal="timeout" from="Timer" to="Choque" method="_on_Timer_timeout"]
