[gd_scene load_steps=17 format=2]

[ext_resource path="res://Assets/pistas/pista0/inimigos/gipe3.png" type="Texture" id=1]
[ext_resource path="res://Scenes/Fumaca.tscn" type="PackedScene" id=2]
[ext_resource path="res://Sons/Batidas/batida2.wav" type="AudioStream" id=3]
[ext_resource path="res://Assets/inimigos/carro1/choque/1.png" type="Texture" id=4]
[ext_resource path="res://Assets/inimigos/carro1/choque/2.png" type="Texture" id=5]
[ext_resource path="res://Assets/inimigos/carro1/choque/3.png" type="Texture" id=6]
[ext_resource path="res://Assets/inimigos/carro1/choque/4.png" type="Texture" id=7]
[ext_resource path="res://Sons/Explosoes/choque2.wav" type="AudioStream" id=8]
[ext_resource path="res://Sons/motor_carro/som_carro_giro.wav" type="AudioStream" id=9]

[sub_resource type="GDScript" id=1]
script/source = "extends Area2D
var velocidade = 300
var direcao = Vector2(0,1)
var faixa_esquerda_c = true
var pontos=10
var dano = 10
var carro_escolha
var conta_batida=0
var particulas = preload(\"res://Scenes/particulas/Explosao_eletrica.tscn\")
func _ready():
	
	randomize()
	velocidade = rand_range(300,450)
	add_to_group(\"carros_inimigos\")
	var n = rand_range(3,5)
	var escol = int(n)
	carro_escolha=escol
	
	var image = load(\"res://Assets/pistas/pista0/inimigos/gipe\"+str(escol)+\".png\")
	$Ini.set_deferred(\"texture\",image)
	set_process(true)
func _process(delta):
	translate(velocidade*delta*direcao)
	if PainelSingleton.get_movimentar_pista():
			direcao.y=-1
			velocidade=500
	if PainelSingleton.retornar_qtd_carros()<=0:
		direcao.y=0
		if faixa_esquerda_c:
			
			direcao.x=-1
		else:
			direcao.x=1
	destruir()	
	

func faixa_esquerda(valor:bool):
	faixa_esquerda_c=valor

func _on_Corpo_area_entered(area):
	if area.has_method(\"batida_corpo_inimigo\"):
		if area.get_global_position().y>get_global_position().y:
			$batida.play()
			set_global_position(get_global_position()+Vector2(0,-40))
			$Pneu.play()
			if faixa_esquerda_c:
				$Efeito_Giro.play(\"efeito_giro\")
				direcao.x=-1
			else:
				$Efeito_Giro.play(\"efeito_giro_esquerda\")
				direcao.x=1
				
	if area.has_method(\"heroi\"):
		
		conta_batida=conta_batida+1
		$batida.play()
		if carro_escolha==3:
			$Fumacas_fusca.show()
		else:
			$Fumacas_gipe.show()
			
		danificar_heroi()
		$Efeito_Cor_Anime.play(\"esbranquicar\")
		set_global_position(Vector2(get_global_position().x,get_global_position().y-100))
		if conta_batida==1:
			
			direcao.y=-1
			$Voltar_descer.start()
		if conta_batida>1:
			descontrolar(area)
	if area.has_method(\"choque\"):
		$Choque/Choque.play()
		$Choque.show()
		descontrolar(area)
		$Timer.start()
				
		
	
func danificar_heroi():
	return dano
func batida_corpo_inimigo():
	pass	
func destruir():
	
	if get_global_position().y>=1500:
		PainelSingleton.reduzir_carros()
		PainelSingleton.pontuar(pontos)
		queue_free()		
	if get_global_position().x>1000:
		PainelSingleton.reduzir_carros()
		PainelSingleton.pontuar(pontos)
		queue_free()
	if get_global_position().x<-200:
		PainelSingleton.reduzir_carros()
		PainelSingleton.pontuar(pontos)
		queue_free()
func descontrolar(area):
	
		$Batida01.play(\"descontrole\")
		if faixa_esquerda_c:
			if area.get_global_position().y<get_global_position().y:
				direcao=Vector2(-1.2,1.4)
			else:
				direcao=Vector2(-1.2,-0.5)
		else:
			if area.get_global_position().y<get_global_position().y:
				direcao=Vector2(1.2,1.4)
			else:
				direcao=Vector2(1.2,-0.5)

func _on_Voltar_descer_timeout():
	direcao.y=direcao.y+0.25
	if direcao.y==1:
		$Voltar_descer.stop()






func _on_Voar_area_entered(area):
	if area.has_method(\"heroi\"):
	
		if area.get_global_position().x<get_global_position().x:
			$Efeito_Giro.play(\"efeito_giro\")
			direcao.x=2
				
		elif area.get_global_position().x>get_global_position().x:
			$Efeito_Giro.play(\"efeito_giro_esquerda\")
			direcao.x=-2
			


func _on_Timer_timeout():
	
	var part = particulas.instance()
	var posi_x = rand_range(-54,48)
	var posi_y = rand_range(-121,60)
	add_child(part)
	part.set_position(Vector2(posi_x,posi_y))
"

[sub_resource type="Animation" id=2]
length = 0.8
loop = true
tracks/0/type = "value"
tracks/0/path = NodePath(".:rotation_degrees")
tracks/0/interp = 1
tracks/0/loop_wrap = true
tracks/0/imported = false
tracks/0/enabled = true
tracks/0/keys = {
"times": PoolRealArray( 0, 0.2, 0.4, 0.6, 0.8 ),
"transitions": PoolRealArray( 1, 1, 1, 1, 1 ),
"update": 0,
"values": [ 0.0, -20.0, 0.0, 20.0, 0.0 ]
}

[sub_resource type="Animation" id=3]
length = 0.4
tracks/0/type = "value"
tracks/0/path = NodePath("..:modulate")
tracks/0/interp = 1
tracks/0/loop_wrap = true
tracks/0/imported = false
tracks/0/enabled = true
tracks/0/keys = {
"times": PoolRealArray( 0, 0.2, 0.4 ),
"transitions": PoolRealArray( 1, 1, 1 ),
"update": 0,
"values": [ Color( 1, 1, 1, 1 ), Color( 1.7, 1.7, 1.7, 1 ), Color( 1, 1, 1, 1 ) ]
}

[sub_resource type="SpriteFrames" id=4]
animations = [ {
"frames": [ ExtResource( 4 ), ExtResource( 5 ), ExtResource( 6 ), ExtResource( 7 ) ],
"loop": true,
"name": "default",
"speed": 7.0
} ]

[sub_resource type="Animation" id=5]
resource_name = "efeito_giro"
loop = true
tracks/0/type = "value"
tracks/0/path = NodePath(".:rotation_degrees")
tracks/0/interp = 1
tracks/0/loop_wrap = true
tracks/0/imported = false
tracks/0/enabled = true
tracks/0/keys = {
"times": PoolRealArray( 0, 1 ),
"transitions": PoolRealArray( 1, 1 ),
"update": 0,
"values": [ 0.0, -360.0 ]
}

[sub_resource type="Animation" id=6]
resource_name = "efeito_giro_esquerda"
loop = true
tracks/0/type = "value"
tracks/0/path = NodePath(".:rotation_degrees")
tracks/0/interp = 1
tracks/0/loop_wrap = true
tracks/0/imported = false
tracks/0/enabled = true
tracks/0/keys = {
"times": PoolRealArray( 0, 1 ),
"transitions": PoolRealArray( 1, 1 ),
"update": 0,
"values": [ 0.0, 360.0 ]
}

[sub_resource type="CapsuleShape2D" id=7]
radius = 54.2437
height = 120.448

[node name="Inimigo0" type="Node2D"]

[node name="Corpo" type="Area2D" parent="."]
scale = Vector2( 0.7, 0.7 )
collision_layer = 2
collision_mask = 32771
script = SubResource( 1 )

[node name="Ini" type="Sprite" parent="Corpo"]
scale = Vector2( 0.5, 0.5 )
texture = ExtResource( 1 )

[node name="Batida01" type="AnimationPlayer" parent="Corpo"]
anims/descontrole = SubResource( 2 )

[node name="Efeito_Cor_Anime" type="AnimationPlayer" parent="Corpo"]
anims/esbranquicar = SubResource( 3 )

[node name="Fumacas_gipe" type="Node2D" parent="Corpo"]
visible = false

[node name="Fumaca" parent="Corpo/Fumacas_gipe" instance=ExtResource( 2 )]
position = Vector2( -43.5421, -164.668 )
scale = Vector2( 2, 2 )

[node name="Fumaca2" parent="Corpo/Fumacas_gipe" instance=ExtResource( 2 )]
position = Vector2( -19.0002, -163.877 )
scale = Vector2( 2, 2 )

[node name="Fumaca3" parent="Corpo/Fumacas_gipe" instance=ExtResource( 2 )]
position = Vector2( 30.0836, -164.668 )
scale = Vector2( 2, 2 )

[node name="Fumacas_fusca" type="Node2D" parent="Corpo"]
visible = false

[node name="Fumaca4" parent="Corpo/Fumacas_fusca" instance=ExtResource( 2 )]
position = Vector2( -45.8714, 143.686 )

[node name="Fumaca5" parent="Corpo/Fumacas_fusca" instance=ExtResource( 2 )]
position = Vector2( -15.2627, 164.092 )

[node name="Fumaca6" parent="Corpo/Fumacas_fusca" instance=ExtResource( 2 )]
position = Vector2( 30.0836, 157.29 )

[node name="batida" type="AudioStreamPlayer2D" parent="Corpo"]
stream = ExtResource( 3 )

[node name="Voltar_descer" type="Timer" parent="Corpo"]
wait_time = 0.5

[node name="Choque" type="Node2D" parent="Corpo"]
visible = false
scale = Vector2( 0.7, 0.8 )

[node name="AnimatedSprite" type="AnimatedSprite" parent="Corpo/Choque"]
frames = SubResource( 4 )
frame = 2
playing = true

[node name="Choque" type="AudioStreamPlayer2D" parent="Corpo/Choque"]
stream = ExtResource( 8 )

[node name="CollisionPolygon2D" type="CollisionPolygon2D" parent="Corpo"]
polygon = PoolVector2Array( 54.201, 156.2, 85.9433, 142.596, 87.0769, 65.5077, 83.676, -21.7836, 92.7452, -37.6548, 88.2106, -140.817, -0.214424, -173.693, -84.1048, -144.218, -92.0404, -105.674, -92.0404, -29.7192, -82.9711, -5.91249, -88.6394, 140.329, -2.48173, 173.205 )

[node name="Efeito_Giro" type="AnimationPlayer" parent="Corpo"]
anims/efeito_giro = SubResource( 5 )
anims/efeito_giro_esquerda = SubResource( 6 )

[node name="Voar" type="Area2D" parent="Corpo"]
scale = Vector2( 1.42857, 1.42857 )
collision_layer = 0

[node name="CollisionShape2D" type="CollisionShape2D" parent="Corpo/Voar"]
shape = SubResource( 7 )

[node name="Timer" type="Timer" parent="Corpo"]
wait_time = 0.1

[node name="Pneu" type="AudioStreamPlayer2D" parent="Corpo"]
stream = ExtResource( 9 )
[connection signal="area_entered" from="Corpo" to="Corpo" method="_on_Corpo_area_entered"]
[connection signal="timeout" from="Corpo/Voltar_descer" to="Corpo" method="_on_Voltar_descer_timeout"]
[connection signal="area_entered" from="Corpo/Voar" to="Corpo" method="_on_Voar_area_entered"]
[connection signal="timeout" from="Corpo/Timer" to="Corpo" method="_on_Timer_timeout"]
